@BOOK{lobanov10,
    author    = {Бурмистрова, Елена Борисовна and Лобанов, Сергей Григорьевич},
    title     = "Математический анализ и~дифференциальные уравнения",
    subtitle = "учебник для студ. высш. учеб. заведений",
    address  = "М.",
    publisher = "Издательский центр «Академия»",
    series={Университетский учебник. Высшая математика и~её приложения в~экономике},
    year      = 2010,
    pagetotal    = 368,
    isbn = {978-5-7695-6265-5},
    language = {russian},
    hyphenation = {russian},
}

@BOOK{burmistrova10,
    author    = {Бурмистрова, Елена Борисовна and Лобанов, Сергей Григорьевич},
    title     = "Линейная алгебра, дифференциальное исчисление функций одной переменной",
    subtitle = "учебник для студ. высш. учеб. заведений",
    address  = "М.",
    publisher = "Издательский центр «Академия»",
    series={Университетский учебник. Высшая математика и~её приложения в~экономике},
    year      = 2010,
    pagetotal    = 336,
    isbn = {978-5-7695-6266-2},
    language = {russian},
    hyphenation = {russian},
}

@BOOK{romanko02,
    author    = {Романко, Василий Кириллович},
    title     = "Сборник задач по дифференциальным уравнениям и~вариационному исчислению",
    address  = "М.",
    publisher = "ЮНИМЕДИАСТАЙЛ",
    year      = 2002,
    pagetotal    = 256,
    isbn = {5-93208-120-1},
    language = {russian},
    hyphenation = {russian},
}

@BOOK{bonar06,
    author    = {Bonar, Daniel D. and Khoury, J.},
    title     = "Real Infinite Series",
%    address  = "М.",
    publisher = "Mathematical Association of America",
    year      = 2006,
    pagetotal    = 272,
    isbn = {9780883857458},
    language = {english},
    hyphenation = {english},
}

@ARTICLE{risch70,
author = {Risch, Robert H.},
title = {The solution of the problem of integration in finite terms},
year = {1970},
volume = {76},
number = {3},
pages= {605--608},
journaltitle = {Bulletin of the American Mathematical Society},
language = {english},
hyphenation = {english},
}

@inproceedings{goodman2008dirty,
  title={A Dirty Dozen: Twelve P-Value Misconceptions},
  author={Goodman, Steven},
  booktitle={Seminars in hematology},
  volume={45},
  number={3},
  pages={135--140},
  year={2008},
  organization={Elsevier},
  language = {english},
  hyphenation = {english},
}

@online{wikihow14pvalue,
	title = {How to Calculate P Value},
	date = {2014-11-01},
	url = {http://www.wikihow.com/Calculate-P-Value},
	language = {english},
    hyphenation = {english},
}

@online{labstatspvalue,
	title = {Statistics for Experimental Biologists},
	date = {2014-10-17},
	url = {http://labstats.net/articles/pvalue.html},
	language = {english},
	hyphenation = {english},
}

@online{mnistdigits,
	author = {LeCun, Yann and Cortes, Corinna and Burges, Christopher J.~C.},
	title = {The MNIST database of handwritten digits},
	date = {2011-12-25},
	url = {http://yann.lecun.com/exdb/mnist/index.html},
    language = {english},
    hyphenation = {english},
}

@Manual{RFNNpackage14,
    title = {FNN: Fast Nearest Neighbor Search Algorithms and Applications},
    author = {Alina Beygelzimer and Sham Kakadet and John Langford and Sunil Arya and David Mount and Shengqiao Li},
    year = {2013},
    note = {R package version 1.1},
    url = {http://CRAN.R-project.org/package=FNN},
    language = {english},
    hyphenation = {english},
  }

@Article{RWekapackage14,
	title = {Open-Source Machine Learning: {R} Meets {Weka}},
	author = {Kurt Hornik and Christian Buchta and Achim Zeileis},
	journaltitle = {Computational Statistics},
	year = {2009},
	volume = {24},
	number = {2},
	pages = {225--232},
	doi = {10.1007/s00180-008-0119-7},
    language = {english},
    hyphenation = {english},
}

@online{WikiDataMatrixRu,
	author = {Википедия},
	title = {Data Matrix},
	date = {2014-09-28},
	url = {http://ru.wikipedia.org/?oldid=65832511},
    language = {russian},
    hyphenation = {russian},
	urldate = {2014-12-07},
}

@online{WikiQRCodeRu,
	author = {Википедия},
	title = {QR-код},
	date = {2014-12-09},
	url = {http://ru.wikipedia.org/?oldid=67249340},
	language = {russian},
	hyphenation = {russian},
	urldate = {2014-12-11},
}

@online{HabrQRcode,
	author = {Хабрахабр},
	title = {Читаем QR-код},
	date = {2011-08-28},
	url = {http://habrahabr.ru/post/127197/},
	language = {russian},
	hyphenation = {russian},
	urldate = {2014-12-11},
}



@Manual{mvtsplot,
 	title = {mvtsplot: Multivariate Time Series Plot},
 	author = {Roger D. Peng},
 	year = {2012},
 	note = {R package version 1.0-1},
 	url = {http://CRAN.R-project.org/package=mvtsplot},
 	language = {english},
 	hyphenation = {english},
 }

@article{piraha2008,
	title = {Number as a cognitive technology: Evidence from Pirah{\~a} language and cognition},
	author = {Frank, Michael C and Everett, Daniel L and Fedorenko, Evelina and Gibson, Edward},
	journaltitle = {Cognition},
	volume = {108},
	number = {3},
	pages = {819--824},
	year = {2008},
	publisher = {Elsevier},
 	language = {english},
 	hyphenation = {english},
}


@mvbook{mayakovskiy,
	author = {Маяковский, В.~В.},
	title = {Полное собрание сочинений в тринадцати томах},
	year = {1957},
	location = {М.},
	publisher = {Государственное издательство художественной литературы},
    language = {russian},
    hyphenation = {russian},
	volumes = {13},
	volume = {6},
}

@book{nondetect05,
  title={Nondetects and data analysis: statistics for censored environmental data},
  author={Helsel, Dennis R.},
  isbn={9780471671732},
  lccn={40491650},
  series={Statistics in practice},
  url={http://books.google.fr/books?id=krwQAQAAIAAJ},
  year={2005},
  publisher={Wiley-Interscience}
}

@article{squeezer06,
	title = {A better lemon squeezer? Maxium-likelihood regression with beta-distributed dependent variables},
	author = {Smithson, Michael and Verkuilen, Jay},
	journaltitle = {Psychological Methods},
	volume = {11},
	number = {1},
	pages = {54--71},
	year = {2006},
	publisher = {American Psychological Association},
 	language = {english},
 	hyphenation = {english},
}


@online{FurmanovZMetr,
	author = {Фурманов, Кирилл Константинович and Чернышёва, Ирина Константиновна},
	title = {Сборник задач по эконометрике и моделям времени жизни},
	date = {2014-08-05},
	url = {http://www.hse.ru/data/2014/08/05/1314145909/%D0%97%D0%B0%D0%B4%D0%B0%D1%87%D0%BD%D0%B8%D0%BA%20%D0%BD%D0%B0%20%D1%81%D0%B0%D0%B9%D1%82.pdf},
	organization = {НИУ ВШЭ},
	language = {russian},
	hyphenation = {russian},
	urldate = {2015-02-05},
}

@article{boxcox64,
	author = {{Box, G. E. P.} and {Cox, D. R.}},
	title = {An Analysis of Transformations},
	copyright = {Copyright 1964 Royal Statistical Society},
	journal = {Journal of the Royal Statistical Society. Series B (Methodological)},
	volume = {26},
	number = {2},
	pages = {211--252},
	publisher = {Royal Statistical Society},
	year = {1964},
    ISSN = {0035-9246},
}

@article{ramsey69,
	title={Tests for specification errors in classical linear least-squares regression analysis},
	author={Ramsey, James Bernard},
	journal={Journal of the Royal Statistical Society. Series B (Methodological)},
	volume={31},
	number={2},
	pages={350--371},
	year={1969},
	publisher={JSTOR}
}

@article{sakia92,
	title={The Box-Cox transformation technique: a review},
	author={Sakia, RM},
	journal={The statistician},
	volume={41},
	number={2},
	pages={169--178},
	year={1992},
	publisher={JSTOR}
}

