@BOOK{lobanov10,
    author    = {Бурмистрова, Е.~Б. and Лобанов, С.~Г.},
    title     = "Математический анализ и~дифференциальные уравнения",
    subtitle = "учебник для студ. высш. учеб. заведений",
    address  = "М.",
    publisher = "Издательский центр «Академия»",
    series={Университетский учебник. Высшая математика и~её приложения в~экономике},
    year      = 2010,
    pagetotal    = 368,
    isbn = {978-5-7695-6265-5},
    language = "russian",
    hyphenation = "russian"
}

@BOOK{burmistrova10,
    author    = {Бурмистрова, Е.~Б. and Лобанов, С.~Г.},
    title     = "Линейная алгебра, дифференциальное исчисление функций одной переменной",
    subtitle = "учебник для студ. высш. учеб. заведений",
    address  = "М.",
    publisher = "Издательский центр «Академия»",
    series={Университетский учебник. Высшая математика и~её приложения в~экономике},
    year      = 2010,
    pagetotal    = 336,
    isbn = {978-5-7695-6266-2},
    language = "russian",
    hyphenation = "russian"
}

@BOOK{romanko02,
    author    = {Романко, В.~К.},
    title     = "Сборник задач по дифференциальным уравнениям и~вариационному исчислению",
    address  = "М.",
    publisher = "ЮНИМЕДИАСТАЙЛ",
    year      = 2002,
    pagetotal    = 256,
    isbn = {5-93208-120-1},
    language = "russian",
    hyphenation = "russian"
}

@BOOK{bonar06,
    author    = {Bonar, Daniel D. and Khoury, J.},
    title     = "Real Infinite Series",
%    address  = "М.",
    publisher = "Mathematical Association of America",
    year      = 2006,
    pagetotal    = 272,
    isbn = {9780883857458},
    language = {english},
    hyphenation = {english}
}

@ARTICLE{risch70,
author = {Risch, Robert H.},
title = {The solution of the problem of integration in finite terms},
year = {1970},
volume = {76},
number = {3},
pages= {605--608},
journal = {Bulletin of the American Mathematical Society},
language = {english},
hyphenation = {english},
}

